<?xml version="1.0" encoding="UTF-8"?><collection xmlns="http://www.loc.gov/MARC21/slim"><record><leader>00469nam--2200157-i-4500</leader><controlfield tag="001">000044018</controlfield><controlfield tag="002">20161230</controlfield><controlfield tag="005">20161230201044</controlfield><controlfield tag="008">060222s1000------------r-----000-0-eng-d</controlfield><datafield ind1="1" ind2=" " tag="100"><subfield code="a">Temperley, H.N.V</subfield></datafield><datafield ind1="1" ind2="0" tag="245"><subfield code="a">Physics of simple liquids</subfield><subfield code="c">H.N.V. TEMPERLEY, J.S. ROWLINSON, G.S. RUSHBROOKE (Eds.)</subfield></datafield><datafield ind1=" " ind2=" " tag="260"><subfield code="a">Amsterdam, North-holland Publishing Company,1968,</subfield></datafield><datafield ind1=" " ind2=" " tag="300"><subfield code="a">X + 713P</subfield></datafield><datafield ind1="1" ind2=" " tag="700"><subfield code="a">Rushorooke,G.S</subfield></datafield><datafield ind1=" " ind2=" " tag="852"><subfield code="a">33732</subfield><subfield code="c">532</subfield></datafield><datafield ind1=" " ind2=" " tag="CAT"><subfield code="a">Sys</subfield><subfield code="c">20100714</subfield><subfield code="h">120153</subfield></datafield></record></collection>